<?xml version="1.0" encoding="UTF-8"?><collection xmlns="http://www.loc.gov/MARC21/slim"><record><leader>00379nam--2200121-i-4500</leader><controlfield tag="001">000038312</controlfield><controlfield tag="002">20161230</controlfield><controlfield tag="005">20161230201041</controlfield><controlfield tag="008">060222s1000------------r-----000-0-eng-d</controlfield><datafield ind1=" " ind2=" " tag="080"><subfield code="a">06</subfield></datafield><datafield ind1=" " ind2=" " tag="245"><subfield code="a">Recent scientific and technical developments in the atomic energy program of the united states</subfield></datafield><datafield ind1=" " ind2=" " tag="260"><subfield code="a">Oak Ridge, United States Atomic Energy Commision, 1948. 192 P</subfield></datafield><datafield ind1=" " ind2=" " tag="852"><subfield code="a">11101</subfield></datafield></record></collection>